@misc{nub,
author="Arkona,",
 title="An {E}ternal {C}urse of the {P}agan {G}odz", 
 publisher="Folter Records (catalog ID FR 010",
 howpublished="CD",
 year="1997"
 }
